@article{d2008general,
  title={General cardiovascular risk profile for use in primary care the Framingham Heart Study},
  author={D’Agostino, Ralph B and Vasan, Ramachandran S and Pencina, Michael J and Wolf, Philip A and Cobain, Mark and Massaro, Joseph M and Kannel, William B},
  journal={Circulation},
  volume={117},
  number={6},
  pages={743--753},
  year={2008},
  publisher={Am Heart Assoc}
}

@misc{wls,
  year={2015},
  author={"Wisconsin Longitudinal Study"},
  howpublished = "\url{http://www.ssc.wisc.edu/wlsresearch/}",
  note={Accessed on 21-March-2015}
}

@Article{pROC,
    title = {pROC: an open-source package for R and S+ to analyze and compare ROC curves},
    author = {Xavier Robin and Natacha Turck and Alexandre Hainard and Natalia Tiberti and Frédérique Lisacek and Jean-Charles Sanchez and Markus Müller},
    year = {2011},
    journal = {BMC Bioinformatics},
    volume = {12},
    pages = {77},
  }

@article{mozaffarian2015executive,
  title={Executive Summary: Heart Disease and Stroke Statistics—2015 Update A Report From the American Heart Association},
  author={Mozaffarian, Dariush and Benjamin, Emelia J and Go, Alan S and Arnett, Donna K and Blaha, Michael J and Cushman, Mary and de Ferranti, Sarah and Despr{\'e}s, Jean-Pierre and Fullerton, Heather J and Howard, Virginia J and others},
  journal={Circulation},
  volume={131},
  number={4},
  pages={434--441},
  year={2015},
  publisher={Am Heart Assoc}
}

@book{leek2015,
  title={The Elements of Data Analytic Style},
  author={Jeff Leek},
  year={2015},
  publisher={Leanpub},
  note={Available at \url{https://leanpub.com/datastyle}}
}

@Manual{r2015,
    title = {R: A Language and Environment for Statistical Computing},
    author = {{R Core Team}},
    organization = {R Foundation for Statistical Computing},
    address = {Vienna, Austria},
    year = {2015},
    url = {http://www.R-project.org/},
  }

